@book{Fencott:CCS:95,
author = {Fencott, C.},
title = {Formal Methods for Concurrency},
year = {1995},
publisher = {International Thomson Computer Press},
address = {Boston, MA, USA},
}

@Article{Clarke:Emerson:temp:logic:82, 
author = {Clarke, E. M. and Emerson, E. A.},
title =	{Design and synthesis of synchronization skeletons using branching time temporal logic},
journal = {Science of Computer Programming},
volume = {2},
pages =	{241--266},
year = {1982},
}

@Book{Huzar:etal:Ada95:98,
author = {Huzar, Z. and Fryźlewicz, Z. and Dubielewicz, I. and Hnatkowska, B. and Waniczek, J.},
title = {Ada 95},
publisher = {Helion},
year = {1998},
address = {Gliwice}
}

@Manual{Ada:Ref:Manual:06,
title = {Ada Reference Manual {ISO}/{IEC} 8652:200y({E}) {E}d. 3},
organization = {Ada Europe},
year = {2006}
}

@Book{Ian82,
author = {Ian Sommerville},
title = {Software Engineering},
year = {1982},
}

@article{Dav88,
  added-at = {2011-06-07T00:00:00.000+0200},
  author = {Davis, Alan M.},
  biburl = {https://www.bibsonomy.org/bibtex/2e2047185d13f1fa8445465c8bb992b0c/dblp},
  ee = {http://doi.acm.org/10.1145/48529.48534},
  interhash = {40b77d88fddab5cb1576ae3d65347d05},
  intrahash = {e2047185d13f1fa8445465c8bb992b0c},
  journal = {Commun. ACM},
  keywords = {dblp},
  number = 9,
  pages = {1098-1115},
  timestamp = {2011-06-08T11:34:34.000+0200},
  title = {A Comparison of Techniques for the Specification of External System Behavior.},
  url = {http://dblp.uni-trier.de/db/journals/cacm/cacm31.html#Davis88},
  volume = 31,
  year = 1988
}

@article{Alu90,
author = {Alur R. and Dill D.},
title = {Automata for modelling real-time systems},
year = {1990},
}

@book{Tom10,
author = {Tomasz Szmuc and Marcin Szpyrka and others},
title = {Metody formalne w inżynierii oprogramowania systemów czasu rzeczywistego},
year = {2010},
}

