@Book{Szp08-WNT,
author = {Szpyrka, M.},
title = {Sieci {P}etriego w modelowaniu i analizie systemów wspó³bie¿nych},
publisher = {{WNT}},
address = {Warszawa},
year = {2008}
}

@comment{...}

@Book{Szp07,
author = {Szpyrka, M.},
title = {Modelowanie i analiza systemów wbudowanych z zastosowaniem RTCP-sieci},
publisher = {{AGH} {U}czelniane {W}ydawnictwa {N}aukowo-{D}ydaktyczne},
address = {Kraków},
series = {Rozprawy Monografie},
volume = {165},
year = {2007}
}

@Book{Jen,
author = {Jensen, K.},
title = {Coloured {P}etri Nets. Basic Concepts, Analysis Methods and Practical Use},
publisher = {Springer-{V}erlag},
year = {1992-1997},
address = {Berlin, Germany},
volume = {1--3}
}

@TechReport{Pet65,
author = {Petri, C. A.},
title =  {Communication with Automata},
pages =  {Supplement 1 to Technical Report RADC-TR-65-377},
year =   {1965},
address = {New York},
note =   {English translation of {\em Kommunikation mit Automaten}, PhD Dissertation, University of Bonn, 1962}
}

@Book{Sta87,
author = {Starke, P. H.},
title = {Sieci {P}etri. Podstawy, zastosowania, teoria},
publisher = {PWN},
year = {1987},
address = {Warszawa}
}

@Article{MerFa76,
author = {Merlin, P. M. and Faber, D. J.},
title = {Recoverability of Communication Protocols -- Implications of a Theoretical Study},
journal = {{IEEE} Transactions on Communications},
year = {1976},
volume = {COM-24},
number = {7},
pages = {381--404}
}

@Article{Mur89,
author = {Murata, T.},
title = {{P}etri Nets: Properties, Analysis and Applications},
journal = {Proceedings of the {IEEE}},
pages = {541--580},
year = {1989},
volume = {77},
number = {4}
}

@inproceedings{BuySlo94,
author = {Buy, U. A. and Sloan, R. H.},
title = {Analysis of Real-Time Programs with Simple Time {P}etri Nets},
booktitle = {Proceedings of the International Symposium on Software Testing and Analysis},
pages = {228--239},
year = {1994},
publisher = {ACM Press},
address = {New York, USA},
}

@Article{SaSzm02,
author = {Samolej, S. and Szmuc, T.},
title = {Time Extensions of {P}etri Nets for Modelling and Verification of Hard Real-Time Systems},
journal = {Computer Science},
year = {2002},
volume = {4},
pages = {55--76}
}


@Book{Rei88,
author = {Reisig, W.},
title = {Sieci {P}etriego},
publisher = {WNT},
year = {1988},
address = {Warszawa}
}

@Book{Che02,
author = {Cheng, A. M. K.},
title = {Real-time Systems. Scheduling, Analysis, and Verification},
publisher = {Wiley Interscience},
year = {2002},
address = {New Jersey}
}


@Manual{ARM06,
title = {Ada Reference Manual {ISO}/{IEC} 8652:200y({E}) {E}d. 3},
organization = {Ada Europe},
year = {2006}
}

@Manual{HISISO00,
title = {{G}uide for the use of {A}da {P}rogramming {L}anguage in {H}igh {I}ntegrity {S}ystems}},
organization = {ISO/IEC {T}echnical {R}eport 15942},
year = {2000},
}

@InProceedings{AlDi90,
author = {Alur, R. and Dill, D.},
title = {Automata for modelling real-time systems},
booktitle = {Proc. of the International Colloquium on Automata, Languages and Programming (ICALP'90)},
pages = {322-335},
year = {1994},
volume = {443},
series = {LNCS},
publisher = {Springer-Verlag},
}

@InCollection{Mil91,
author = {Milner, R.},
title = {The polyadic $\pi$-calculus: {A} tutorial},
booktitle = {Logic and Algebra of Specification},
pages = {203--246},
publisher = {Springer-Verlag},
year = {1993},
editor = {Bauer, F. L. and Brauer, W. and Schwichtenberg, H.},
}


@Misc{PetriNetsWorld,
	note = {http://www.informatik.uni-hamburg.de/TGI/PetriNets},
	title = {{Petri Nets World}}
}
